<record><leader>03719nam a2200649 i 4500</leader><controlfield tag="001">6795563</controlfield><controlfield tag="003">MiAaPQ</controlfield><controlfield tag="006">m     o  d |      </controlfield><controlfield tag="007">cr cnu||||||||</controlfield><controlfield tag="008">141002t20152015enk     ob    001 0 eng d</controlfield><datafield ind1=" " ind2=" " tag="020"><subfield code="z">9780231137096</subfield></datafield><datafield ind1=" " ind2=" " tag="020"><subfield code="a">9780231538312 (e-book)</subfield></datafield><datafield ind1=" " ind2=" " tag="035"><subfield code="a">ocn893686426</subfield></datafield><datafield ind1=" " ind2=" " tag="039"><subfield code="a">exclude</subfield></datafield><datafield ind1=" " ind2=" " tag="040"><subfield code="a">MiAaPQ</subfield><subfield code="b">eng</subfield><subfield code="e">rda</subfield><subfield code="e">pn</subfield><subfield code="c">MiAaPQ</subfield><subfield code="d">MiAaPQ</subfield><subfield code="d">AEU</subfield></datafield><datafield ind1=" " ind2="4" tag="050"><subfield code="a">B808.9</subfield><subfield code="b">.T456 2015</subfield></datafield><datafield ind1="0" ind2=" " tag="082"><subfield code="a">128/.2</subfield><subfield code="2">23</subfield></datafield><datafield ind1=" " ind2=" " tag="090"><subfield code="a">Internet Access</subfield><subfield code="b">AEVC</subfield></datafield><datafield ind1=" " ind2=" " tag="090"><subfield code="a">Internet Access</subfield><subfield code="b">AOAC</subfield></datafield><datafield ind1=" " ind2=" " tag="090"><subfield code="a">Internet Access</subfield><subfield code="b">AEC</subfield></datafield><datafield ind1=" " ind2=" " tag="090"><subfield code="a">Internet Access</subfield><subfield code="b">AGPC</subfield></datafield><datafield ind1=" " ind2=" " tag="090"><subfield code="a">Internet Access</subfield><subfield code="b">AEGMCT</subfield></datafield><datafield ind1=" " ind2=" " tag="090"><subfield code="a">Internet Access</subfield><subfield code="b">ARDC</subfield></datafield><datafield ind1=" " ind2=" " tag="090"><subfield code="a">Internet Access</subfield><subfield code="b">AEU</subfield></datafield><datafield ind1="1" ind2=" " tag="100"><subfield code="a">Thompson, Evan,</subfield><subfield code="e">author.</subfield></datafield><datafield ind1="1" ind2="0" tag="245"><subfield code="a">Waking, dreaming, being :</subfield><subfield code="b">new light on the self and consciousness from neuroscience, meditation, and philosophy /</subfield><subfield code="c">Evan Thompson ; cover design, Alex Camlin.</subfield></datafield><datafield ind1=" " ind2="1" tag="264"><subfield code="a">Chichester, England ;</subfield><subfield code="a">New York :</subfield><subfield code="b">Columbia University Press,</subfield><subfield code="c">2015.</subfield></datafield><datafield ind1=" " ind2="4" tag="264"><subfield code="c">&#169;2015</subfield></datafield><datafield ind1=" " ind2=" " tag="300"><subfield code="a">1 online resource (496 pages)</subfield></datafield><datafield ind1=" " ind2=" " tag="336"><subfield code="a">text</subfield><subfield code="2">rdacontent</subfield></datafield><datafield ind1=" " ind2=" " tag="337"><subfield code="a">computer</subfield><subfield code="b">c</subfield><subfield code="2">rdamedia</subfield></datafield><datafield ind1=" " ind2=" " tag="338"><subfield code="a">online resource</subfield><subfield code="b">cr</subfield><subfield code="2">rdacarrier</subfield></datafield><datafield ind1=" " ind2=" " tag="504"><subfield code="a">Includes bibliographical references and index.</subfield></datafield><datafield ind1=" " ind2=" " tag="506"><subfield code="a">Access restricted to authorized users and institutions.</subfield></datafield><datafield ind1=" " ind2=" " tag="588"><subfield code="a">Description based on print version record.</subfield></datafield><datafield ind1=" " ind2=" " tag="596"><subfield code="a">3 21 33 35 44 57 60</subfield></datafield><datafield ind1=" " ind2="0" tag="650"><subfield code="a">Consciousness.</subfield></datafield><datafield ind1=" " ind2="0" tag="650"><subfield code="a">Self.</subfield></datafield><datafield ind1="1" ind2=" " tag="700"><subfield code="a">Camlin, Alex,</subfield><subfield code="e">cover designer.</subfield></datafield><datafield ind1="4" ind2="0" tag="856"><subfield code="3">NorQuest College Access</subfield><subfield code="u">http://ebookcentral.proquest.com/lib/norquest-ebooks/detail.action?docID=1801744</subfield><subfield code="z">from Ebook Central College Complete</subfield></datafield><datafield ind1="4" ind2="0" tag="856"><subfield code="3">Olds College Access</subfield><subfield code="u">http://ebookcentral.proquest.com/lib/oldscollege/detail.action?docID=1801744</subfield><subfield code="z">from Ebook Central College Complete</subfield></datafield><datafield ind1="4" ind2="0" tag="856"><subfield code="3">Concordia University of Edmonton Access</subfield><subfield code="u">http://ebookcentral.proquest.com/lib/concordiaab-ebooks/detail.action?docID=1801744</subfield><subfield code="z">(Unlimited Concurrent Users)</subfield><subfield code="z">from Ebook Central Academic Complete</subfield></datafield><datafield ind1="4" ind2="0" tag="856"><subfield code="3">Grande Prairie Regional College Access</subfield><subfield code="u">http://ebookcentral.proquest.com/lib/gprc-ebooks/detail.action?docID=1801744</subfield><subfield code="z">(Unlimited Concurrent Users)</subfield><subfield code="z">from Ebook Central Academic Complete</subfield></datafield><datafield ind1="4" ind2="0" tag="856"><subfield code="3">MacEwan University Access</subfield><subfield code="u">http://ebookcentral.proquest.com/lib/macewan-ebooks/detail.action?docID=1801744</subfield><subfield code="z">(Unlimited Concurrent Users)</subfield><subfield code="z">from Ebook Central Academic Complete</subfield></datafield><datafield ind1="4" ind2="0" tag="856"><subfield code="3">Red Deer College Access</subfield><subfield code="u">http://ebookcentral.proquest.com/lib/rdc/detail.action?docID=1801744</subfield><subfield code="z">(Unlimited Concurrent Users)</subfield><subfield code="z">from Ebook Central Academic Complete</subfield></datafield><datafield ind1="4" ind2="0" tag="856"><subfield code="3">University of Alberta Access</subfield><subfield code="u">http://search.ebscohost.com/login.aspx?direct=true&amp;scope=site&amp;db=nlebk&amp;db=nlabk&amp;AN=860440</subfield><subfield code="z">(Single User Access)</subfield></datafield><datafield ind1=" " ind2=" " tag="949"><subfield code="h">UAIN</subfield><subfield code="m">NORQ_MAIN</subfield><subfield code="z">EBCCOLNQ</subfield></datafield><datafield ind1=" " ind2=" " tag="949"><subfield code="h">UAIN</subfield><subfield code="m">OLDS</subfield><subfield code="z">EBCCOLOLD</subfield></datafield><datafield ind1=" " ind2=" " tag="919"><subfield code="a">EBC1801744</subfield></datafield><datafield ind1=" " ind2=" " tag="919"><subfield code="a">EBC1801744</subfield></datafield><datafield ind1=" " ind2=" " tag="926"><subfield code="a">Internet Access</subfield><subfield code="w">LC</subfield><subfield code="c">1</subfield><subfield code="i">6795563-1001</subfield><subfield code="l">INTERNET</subfield><subfield code="m">UAINTERNET</subfield><subfield code="r">Y</subfield><subfield code="s">Y</subfield><subfield code="t">E-RESOURCE</subfield><subfield code="u">1/29/2015</subfield><subfield code="x">E-BOOK</subfield><subfield code="z">EBSCOUA</subfield></datafield><datafield ind1=" " ind2=" " tag="926"><subfield code="a">Internet Access</subfield><subfield code="w">LC</subfield><subfield code="c">1</subfield><subfield code="i">6795563-2001</subfield><subfield code="l">INTERNET</subfield><subfield code="m">CONCORDIA</subfield><subfield code="r">Y</subfield><subfield code="s">Y</subfield><subfield code="t">E-RESOURCE</subfield><subfield code="u">3/9/2017</subfield><subfield code="x">E-BOOK</subfield><subfield code="z">EBCACCN</subfield></datafield><datafield ind1=" " ind2=" " tag="926"><subfield code="a">Internet Access</subfield><subfield code="w">LC</subfield><subfield code="c">1</subfield><subfield code="i">6795563-3001</subfield><subfield code="l">INTERNET</subfield><subfield code="m">GPRC_INT</subfield><subfield code="r">Y</subfield><subfield code="s">Y</subfield><subfield code="t">E-RESOURCE</subfield><subfield code="u">3/9/2017</subfield><subfield code="x">E-BOOK</subfield><subfield code="z">EBCACGP</subfield></datafield><datafield ind1=" " ind2=" " tag="926"><subfield code="a">Internet Access</subfield><subfield code="w">LC</subfield><subfield code="c">1</subfield><subfield code="i">6795563-4001</subfield><subfield code="l">INTERNET</subfield><subfield code="m">GR_MAC_INT</subfield><subfield code="r">Y</subfield><subfield code="s">Y</subfield><subfield code="t">E-RESOURCE</subfield><subfield code="u">3/9/2017</subfield><subfield code="x">E-BOOK</subfield><subfield code="z">EBCACMAC</subfield></datafield><datafield ind1=" " ind2=" " tag="926"><subfield code="a">Internet Access</subfield><subfield code="w">LC</subfield><subfield code="c">1</subfield><subfield code="i">6795563-5001</subfield><subfield code="l">INTERNET</subfield><subfield code="m">RED_DEER_C</subfield><subfield code="r">Y</subfield><subfield code="s">Y</subfield><subfield code="t">E-RESOURCE</subfield><subfield code="u">3/9/2017</subfield><subfield code="x">E-BOOK</subfield><subfield code="z">EBCACRD</subfield></datafield><datafield ind1=" " ind2=" " tag="926"><subfield code="a">Internet Access</subfield><subfield code="w">LC</subfield><subfield code="c">1</subfield><subfield code="i">6795563-6001</subfield><subfield code="l">INTERNET</subfield><subfield code="m">NORQ_MAIN</subfield><subfield code="r">Y</subfield><subfield code="s">Y</subfield><subfield code="t">E-RESOURCE</subfield><subfield code="u">4/5/2017</subfield><subfield code="x">E-BOOK</subfield><subfield code="z">EBCCOLNQ</subfield></datafield><datafield ind1=" " ind2=" " tag="926"><subfield code="a">Internet Access</subfield><subfield code="w">LC</subfield><subfield code="c">1</subfield><subfield code="i">6795563-7001</subfield><subfield code="l">INTERNET</subfield><subfield code="m">OLDS</subfield><subfield code="r">Y</subfield><subfield code="s">Y</subfield><subfield code="t">E-RESOURCE</subfield><subfield code="u">4/5/2017</subfield><subfield code="x">E-BOOK</subfield><subfield code="z">EBCCOLOLD</subfield></datafield></record>